@INPROCEEDINGS{6126251,
author={S. Hare and A. Saffari and P. H. S. Torr},
booktitle={2011 International Conference on Computer Vision},
title={Struck: Structured output tracking with kernels},
year={2011},
pages={263-270},
keywords={computer vision;image classification;learning (artificial intelligence);object tracking;pose estimation;support vector machines;adaptive tracking-by-detection method;adaptive visual object tracking;arbitrary object tracking;classification task;computer vision;intermediate classification step;kernelized structured output support vector machine;object position estimation;online learning technique;real-time application;state-of-the-art tracker;structured output prediction;structured output tracking;Kernel;Labeling;Robustness;Support vector machines;Target tracking;Training},
doi={10.1109/ICCV.2011.6126251},
ISSN={1550-5499},
month={Nov},}

@ARTICLE{6104061,
author={Z. Kalal and K. Mikolajczyk and J. Matas},
journal={IEEE Transactions on Pattern Analysis and Machine Intelligence},
title={Tracking-Learning-Detection},
year={2012},
volume={34},
number={7},
pages={1409-1422},
keywords={discrete systems;image sequences;learning (artificial intelligence);object detection;object tracking;video streaming;N-expert estimates false alarm;P-N learning;P-expert estimates missed detection;TLD framework;detector error estimation;discrete dynamical system;learning from video;learning method;long-term object tracking;object location determination;tracking-learning-detection framework;video stream;Detectors;Estimation;Real time systems;Streaming media;Target tracking;Training;Long-term tracking;bootstrapping;learning from video;real time;semi-supervised learning.},
doi={10.1109/TPAMI.2011.239},
ISSN={0162-8828},
month={July},}

@ARTICLE{5674053,
author={B. Babenko and M. H. Yang and S. Belongie},
journal={IEEE Transactions on Pattern Analysis and Machine Intelligence},
title={Robust Object Tracking with Online Multiple Instance Learning},
year={2011},
volume={33},
number={8},
pages={1619-1632},
keywords={image classification;learning (artificial intelligence);object tracking;video signal processing;discriminative classifier;online MIL algorithm;online multiple instance learning;robust object tracking;tracking by detection techniques;video clips;Adaptation model;Agriculture;Boosting;Target tracking;Training;Visual Tracking;multiple instance learning;online boosting.},
doi={10.1109/TPAMI.2010.226},
ISSN={0162-8828},
month={Aug},}

@INPROCEEDINGS{5206735,
author={Y. Li and C. Huang and R. Nevatia},
booktitle={2009 IEEE Conference on Computer Vision and Pattern Recognition},
title={Learning to associate: HybridBoosted multi-target tracker for crowded scene},
year={2009},
pages={2953-2960},
keywords={feature extraction;image classification;image fusion;learning (artificial intelligence);object detection;target tracking;traffic engineering computing;HybridBoosted multitarget tracker;crowded scene;data association;feature selection;hybrid loss function;image classification;learning-based hierarchical approach;nonparametric model;object detection;pedestrian tracking;single camera;Context modeling;Hybrid intelligent systems;Hybrid power systems;Intelligent robots;Layout;Object detection;Parametric statistics;Target tracking;Training data;Trajectory},
doi={10.1109/CVPR.2009.5206735},
ISSN={1063-6919},
month={June},}
