@comment{x-kbibtex-personnameformatting=<%f ><%l><, %s>}

@incollection{NIPS2013_5192,
	author = "Naiyan Wang and Dit-Yan Yeung",
	booktitle = "{Advances in Neural Information Processing Systems 26}",
	editor = "C. J. C. Burges and L. Bottou and M. Welling and Z. Ghahramani and K. Q. Weinberger",
	pages = "809--817",
	publisher = "Curran Associates, Inc.",
	title = "{Learning a Deep Compact Image Representation for Visual Tracking}",
	url = "http://papers.nips.cc/paper/5192-learning-a-deep-compact-image-representation-for-visual-tracking.pdf",
	year = "2013"
}

