@article{Xian20106737,
title = "An identification method of malignant and benign liver tumors from ultrasonography based on \{GLCM\} texture features and fuzzy \{SVM\} ",
journal = "Expert Systems with Applications ",
volume = "37",
number = "10",
pages = "6737 - 6741",
year = "2010",
note = "",
issn = "0957-4174",
doi = "http://dx.doi.org/10.1016/j.eswa.2010.02.067",
url = "http://www.sciencedirect.com/science/article/pii/S0957417410001065",
author = "Guang-ming Xian",
keywords = "Fuzzy support vector machine",
keywords = "Gray level co-occurrence matrix",
keywords = "Textural features",
keywords = "Ultrasonography classification "
}

