@ARTICLE{5688239,
author={G. Tian and Y. Xia and Y. Zhang and D. Feng},
journal={IEEE Transactions on Information Technology in Biomedicine},
title={Hybrid Genetic and Variational Expectation-Maximization Algorithm for Gaussian-Mixture-Model-Based Brain MR Image Segmentation},
year={2011},
volume={15},
number={3},
pages={373-380},
keywords={biomedical MRI;brain;expectation-maximisation algorithm;genetic algorithms;image segmentation;medical image processing;FMRIB Software Library;GA-VEM algorithm;GMM based brain MR image segmentation;GMM estimation;GMM parameter conjugate prior distributions;Gaussian mixture model;expectation-maximization algorithm;global optimization;high resolution brain MR images;hybrid genetic-variational EM algorithm;hyperparameter initialisation;low resolution brain MR images;magnetic resonance imaging;overfitting avoidance;statistical parametric mapping package;Brain modeling;Estimation;Gallium;Genetic algorithms;Image resolution;Image segmentation;Information technology;Gaussian mixture model (GMM);MRI;genetic algorithm (GA);image segmentation;variational Bayes inference;Algorithms;Bayes Theorem;Brain;Female;Humans;Image Processing, Computer-Assisted;Magnetic Resonance Imaging;Male;Normal Distribution},
doi={10.1109/TITB.2011.2106135},
ISSN={1089-7771},
month={May},}
