@ARTICLE{5688239,
author={G. Tian and Y. Xia and Y. Zhang and D. Feng},
journal={IEEE Transactions on Information Technology in Biomedicine},
title={Hybrid Genetic and Variational Expectation-Maximization Algorithm for Gaussian-Mixture-Model-Based Brain MR Image Segmentation},
year={2011},
volume={15},
number={3},
pages={373-380},
keywords={biomedical MRI;brain;expectation-maximisation algorithm;genetic algorithms;image segmentation;medical image processing;FMRIB Software Library;GA-VEM algorithm;GMM based brain MR image segmentation;GMM estimation;GMM parameter conjugate prior distributions;Gaussian mixture model;expectation-maximization algorithm;global optimization;high resolution brain MR images;hybrid genetic-variational EM algorithm;hyperparameter initialisation;low resolution brain MR images;magnetic resonance imaging;overfitting avoidance;statistical parametric mapping package;Brain modeling;Estimation;Gallium;Genetic algorithms;Image resolution;Image segmentation;Information technology;Gaussian mixture model (GMM);MRI;genetic algorithm (GA);image segmentation;variational Bayes inference;Algorithms;Bayes Theorem;Brain;Female;Humans;Image Processing, Computer-Assisted;Magnetic Resonance Imaging;Male;Normal Distribution},
doi={10.1109/TITB.2011.2106135},
ISSN={1089-7771},
month={May},}
% 30 citations according to IEEE
% 55 citations according to Google Scholar (https://scholar.google.com/scholar?q=improved++%22expectation+maximization+algorithm%22&hl=en&as_sdt=1%2C45&as_ylo=2011&as_yhi=2017)

@ARTICLE{5713836,
author={N. Jiang and W. Liu and Y. Wu},
journal={IEEE Transactions on Image Processing},
title={Learning Adaptive Metric for Robust Visual Tracking},
year={2011},
volume={20},
number={8},
pages={2288-2300},
keywords={motion estimation;object tracking;adaptive metric learning;adaptive-metric differential tracking;learning adaptive metric;motion estimation;robust visual tracking;video-based object tracking;visual object tracking;Learning systems;Target tracking;Training;Transforms;Visualization;Adaptive;discriminative;metric learning;supervised;visual tracking;Algorithms;Animals;Artificial Intelligence;Humans;Image Processing, Computer-Assisted;Pattern Recognition, Automated;Video Recording},
doi={10.1109/TIP.2011.2114895},
ISSN={1057-7149},
month={Aug},}
% 32 citations

@ARTICLE{6178278,
author={Q. Wang and F. Chen and J. Yang and W. Xu and M. H. Yang},
journal={IEEE Transactions on Image Processing},
title={Transferring Visual Prior for Online Object Tracking},
year={2012},
volume={21},
number={7},
pages={3296-3305},
keywords={image classification;image coding;image representation;image sequences;inference mechanisms;object recognition;object tracking;particle filtering (numerical methods);Bayesian inference framework;background appearance variations;image sequences;linear classifier;multiscale max pooling;object recognition;object representation;online object tracking;overcomplete dictionary;particle filter;sparse coding;training image set;visual prior transfer;Dictionaries;Image coding;Image reconstruction;Principal component analysis;Target tracking;Vectors;Visualization;Object recognition;object tracking;sparse coding;transfer learning;visual prior},
doi={10.1109/TIP.2012.2190085},
ISSN={1057-7149},
month={July},}
% 43 citations

@ARTICLE{6021372,
author={X. Zhou and Y. Lu and J. Lu and J. Zhou},
journal={IEEE Transactions on Image Processing},
title={Abrupt Motion Tracking Via Intensively Adaptive Markov-Chain Monte Carlo Sampling},
year={2012},
volume={21},
number={2},
pages={789-801},
keywords={Bayes methods;Markov processes;Monte Carlo methods;approximation theory;computer vision;convergence;image motion analysis;image sampling;object tracking;particle filtering (numerical methods);Bayesian filter tracking framework;Bayesian filtering framework;MCMC methods;MCMC sampler;SAMC sampling method;abrupt motion;adaptive Markov-chain Monte Carlo sampling;alternative tracking algorithms;computer vision;conventional Markov-chain Monte Carlo methods;convergence rate;density-grid-based predictive model;filtering distribution;local-trap problem;motion tracking;motion uncertainty;particle filters;proposal adaptation scheme;robust tracking;sampling efficiency;sampling-based tracking scheme;stochastic approximation Monte Carlo sampling method;target distribution;visual tracking;Approximation methods;Bayesian methods;Markov processes;Monte Carlo methods;Proposals;Target tracking;Abrupt motion;Markov-chain Monte Carlo (MCMC);intensive adaptation;stochastic approximation;visual tracking;Algorithms;Bayes Theorem;Humans;Image Processing, Computer-Assisted;Markov Chains;Monte Carlo Method;Motion;Movement;Pattern Recognition, Automated;Sports;Video Recording},
doi={10.1109/TIP.2011.2168414},
ISSN={1057-7149},
month={Feb},}
% 24 citations

@ARTICLE{5713836,
author={N. Jiang and W. Liu and Y. Wu},
journal={IEEE Transactions on Image Processing},
title={Learning Adaptive Metric for Robust Visual Tracking},
year={2011},
volume={20},
number={8},
pages={2288-2300},
keywords={motion estimation;object tracking;adaptive metric learning;adaptive-metric differential tracking;learning adaptive metric;motion estimation;robust visual tracking;video-based object tracking;visual object tracking;Learning systems;Target tracking;Training;Transforms;Visualization;Adaptive;discriminative;metric learning;supervised;visual tracking;Algorithms;Animals;Artificial Intelligence;Humans;Image Processing, Computer-Assisted;Pattern Recognition, Automated;Video Recording},
doi={10.1109/TIP.2011.2114895},
ISSN={1057-7149},
month={Aug},}
% 32 citations  same article as 5713836

@ARTICLE{6224182,
author={Q. Wang and F. Chen and W. Xu and M. H. Yang},
journal={IEEE Transactions on Image Processing},
title={Object Tracking via Partial Least Squares Analysis},
year={2012},
volume={21},
number={10},
pages={4454-4465},
keywords={least squares approximations;object tracking;target tracking;adaptive discriminative object representation;binary classification problem;ground truth appearance information;low dimensional discriminative feature subspace;object appearance correlation;object tracking algorithm;partial least squares analysis;Adaptation models;Algorithm design and analysis;Analytical models;Computational modeling;Target tracking;Vectors;Appearance model;object tracking;partial least squares analysis},
doi={10.1109/TIP.2012.2205700},
ISSN={1057-7149},
month={Oct},}
% 44 citations
